%% This BibTeX bibliography file was created using BibDesk.
%% http://bibdesk.sourceforge.net/

%% Created for Teagan Nakamoto at 2022-12-21 03:15:10 -0700 


%% Saved with string encoding Unicode (UTF-8) 



@article{badger-2020,
	author = {Dustin Badger and Paul McMullin},
	date-added = {2022-12-21 03:14:19 -0700},
	date-modified = {2022-12-21 03:15:09 -0700},
	journal = {Journal of Applied Engineering Mathematics},
	title = {2-D Waves: Combinations and Characteristic Frequencies},
	volume = {7},
	year = {2020}}

@article{lee-2021,
	author = {Eric Lee and Joseph Furner},
	date-added = {2022-12-21 03:02:28 -0700},
	date-modified = {2022-12-21 03:02:56 -0700},
	journal = {Journal of Applied Engineering Mathematics},
	title = {Reverberations of Plucked Guitar String},
	volume = {8},
	year = {2021}}

@article{dickerson-2020,
	author = {Tevin Dickerson and Spencer Truman},
	date-added = {2022-12-21 02:59:34 -0700},
	date-modified = {2022-12-21 03:01:32 -0700},
	journal = {Journal of Applied Engineering Mathematics},
	title = {Doppler Effect with Gravitational waves in a 2D space},
	volume = {8},
	year = {2021}}

@article{wilson-2020,
	author = {Natasha Wilson and Benjamin Varela},
	date-added = {2022-12-21 02:47:49 -0700},
	date-modified = {2022-12-21 03:01:44 -0700},
	journal = {Journal of Applied Engineering Mathematics},
	title = {Interactions of Boat Wakes on a Lake Surface},
	volume = {8},
	year = {2021}}

@book{textbook,
	author = {Theodore L. Bergman and Adrienne S. Lavine},
	edition = {8},
	title = {Fundamentals of Heat and Mass Transfer},
	year = {2019}}

@online{DIPPR,
	location = {New York, NY},
	publisher = {Design Institute for Physical Properties, AIChE},
	title = {DIPPR(R) Data Compilation of Pure Chemical Properties},
	year = {2017}}
